@online{greensfunc,
    author = "Christopher Stover",
    title = "Green's Function.",
    url  = "https://mathworld.wolfram.com/GreensFunction.html",
    addendum = "(accessed: 12.06.2020)",
    keywords = "green's"
}

@online{fourierpairs,
    author = "P. Bevelacqua",
    title = "Fourier Transform Pairs",
    url  = "http://www.thefouriertransform.com/pairs/fourier.php",
    addendum = "(accessed: 12.06.2020)",
    keywords = "transform,fourier"
}